<record><leader>00000cas a2200000 a 4500</leader><controlfield tag="001">9334747</controlfield><controlfield tag="008">830322d18141825scudn ne      0    0eng c</controlfield><datafield ind1=" " ind2=" " tag="010"><subfield code="a">sn 83045162 </subfield></datafield><datafield ind1=" " ind2=" " tag="040"><subfield code="a">CRL</subfield><subfield code="b">eng</subfield><subfield code="c">CRL</subfield><subfield code="d">NPW</subfield><subfield code="d">NPV</subfield><subfield code="d">DLC</subfield><subfield code="d">NPX</subfield><subfield code="d">SVN</subfield><subfield code="d">HUL</subfield><subfield code="d">YOX</subfield><subfield code="d">MGN</subfield><subfield code="d">OBN</subfield><subfield code="d">DLC</subfield><subfield code="d">OCL</subfield><subfield code="d">NYS</subfield><subfield code="d">DLC</subfield><subfield code="d">CRL</subfield><subfield code="d">KRTAS</subfield><subfield code="d">OCLCQ</subfield><subfield code="d">OCLCA</subfield><subfield code="d">OCLCF</subfield><subfield code="d">OCLCA</subfield></datafield><datafield ind1="1" ind2=" " tag="029"><subfield code="a">AU@</subfield><subfield code="b">000020399560</subfield></datafield><datafield ind1=" " ind2=" " tag="042"><subfield code="a">pcc</subfield></datafield><datafield ind1=" " ind2=" " tag="043"><subfield code="a">n-us-sc</subfield></datafield><datafield ind1="0" ind2="0" tag="050"><subfield code="a">Newspaper 9694-X</subfield></datafield><datafield ind1="0" ind2=" " tag="130"><subfield code="a">Southern patriot, and commercial advertiser (Charleston, S.C. : Daily)</subfield></datafield><datafield ind1="1" ind2="0" tag="245"><subfield code="a">Southern patriot, and commercial advertiser.</subfield></datafield><datafield ind1=" " ind2=" " tag="260"><subfield code="a">Charleston, S.C. :</subfield><subfield code="b">Isaac Harby,</subfield><subfield code="c">1814-1825.</subfield></datafield><datafield ind1=" " ind2=" " tag="300"><subfield code="a">v.</subfield></datafield><datafield ind1=" " ind2=" " tag="310"><subfield code="a">Daily (except Sunday)</subfield></datafield><datafield ind1="1" ind2=" " tag="362"><subfield code="a">Began in July 1814.</subfield></datafield><datafield ind1="0" ind2=" " tag="362"><subfield code="a">-v. 18, no. 8185 (Aug. 10, 1825).</subfield></datafield><datafield ind1=" " ind2=" " tag="500"><subfield code="a">Publishers: Isaac Harby &amp; Co., 1816-1817; Robert Howard, 1817-&lt;1822&gt;; J.N. Cardozo, &lt;1823&gt;-1825.</subfield></datafield><datafield ind1=" " ind2=" " tag="530"><subfield code="a">Available on microfilm from the Library of Congress, Photoduplication Service, and from Readex Microprint Corp. as part of the Early American newspapers series (filmed with other items).</subfield></datafield><datafield ind1=" " ind2=" " tag="588"><subfield code="a">Description based on: Vol. 1, no. 3 (July 28, 1814).</subfield></datafield><datafield ind1=" " ind2="0" tag="651"><subfield code="a">Charleston County (S.C.)</subfield><subfield code="v">Newspapers.</subfield></datafield><datafield ind1=" " ind2="0" tag="651"><subfield code="a">Charleston (S.C.)</subfield><subfield code="v">Newspapers.</subfield></datafield><datafield ind1=" " ind2="7" tag="655"><subfield code="a">Newspapers.</subfield><subfield code="2">fast</subfield><subfield code="0">(OCoLC)fst01423814</subfield></datafield><datafield ind1=" " ind2="7" tag="651"><subfield code="a">South Carolina</subfield><subfield code="z">Charleston.</subfield><subfield code="2">fast</subfield><subfield code="0">(OCoLC)fst01204603</subfield></datafield><datafield ind1=" " ind2="7" tag="651"><subfield code="a">South Carolina</subfield><subfield code="z">Charleston County.</subfield><subfield code="2">fast</subfield><subfield code="0">(OCoLC)fst01210029</subfield></datafield><datafield ind1="1" ind2=" " tag="700"><subfield code="a">Harby, Isaac,</subfield><subfield code="d">1788-1828.</subfield></datafield><datafield ind1="1" ind2=" " tag="700"><subfield code="a">Howard, Robert,</subfield><subfield code="d">1767-1850.</subfield></datafield><datafield ind1="1" ind2=" " tag="700"><subfield code="a">Cardozo, Jacob N.</subfield><subfield code="q">(Jacob Newton),</subfield><subfield code="d">1786-1873.</subfield></datafield><datafield ind1=" " ind2=" " tag="752"><subfield code="a">United States</subfield><subfield code="b">South Carolina</subfield><subfield code="c">Charleston</subfield><subfield code="d">Charleston.</subfield></datafield><datafield ind1="0" ind2=" " tag="775"><subfield code="t">Southern patriot, and commercial advertiser (Charleston, S.C. : Triweekly)</subfield><subfield code="w">(DLC)sn 86053200</subfield><subfield code="w">(OCoLC)13312251</subfield></datafield><datafield ind1="0" ind2="0" tag="785"><subfield code="t">Southern patriot (Charleston, S.C. : 1825)</subfield><subfield code="w">(DLC)sn 84026926</subfield><subfield code="w">(OCoLC)10750865</subfield></datafield><datafield ind1=" " ind2=" " tag="850"><subfield code="a">MH</subfield></datafield><datafield ind1=" " ind2=" " tag="938"><subfield code="a">Kirtas Technologies, Inc.</subfield><subfield code="b">KRTS</subfield><subfield code="n">736305</subfield></datafield></record>